<collection xmlns="http://www.loc.gov/MARC21/slim"><record><leader>00701nam  2200217   450</leader><controlfield tag="001">1003</controlfield><controlfield tag="003">http://montalegre.opacnet.com/OPAC/default.aspx?ContentAreaControl=ShowRegHoldings.ascx&amp;RegNo=16662</controlfield><datafield tag="021" ind1=" " ind2=" "><subfield code="a">PT</subfield><subfield code="b">83918</subfield></datafield><datafield tag="095" ind1=" " ind2=" "><subfield code="a">PTBN00107855</subfield></datafield><datafield tag="100" ind1=" " ind2=" "><subfield code="a">19871117d1987    m  y0pory010305  ba</subfield></datafield><datafield tag="101" ind1="1" ind2=" "><subfield code="a">por</subfield><subfield code="c">ita</subfield></datafield><datafield tag="102" ind1=" " ind2=" "><subfield code="a">PT</subfield></datafield><datafield tag="200" ind1="1" ind2=" "><subfield code="a">Figura gigante</subfield><subfield code="f">Nico Orengo</subfield><subfield code="g">trad. Simonetta Neto</subfield></datafield><datafield tag="210" ind1=" " ind2=" "><subfield code="a">Lisboa</subfield><subfield code="c">Quetzal</subfield><subfield code="d">1987</subfield></datafield><datafield tag="215" ind1=" " ind2=" "><subfield code="a">101, [2] p.</subfield><subfield code="d">29 cm</subfield></datafield><datafield tag="300" ind1=" " ind2=" "><subfield code="a">Publ. com o apoio do Intituto Italiano di Cultura</subfield></datafield><datafield tag="675" ind1=" " ind2=" "><subfield code="a">821</subfield><subfield code="v">BN</subfield><subfield code="z">por</subfield></datafield><datafield tag="700" ind1=" " ind2="1"><subfield code="a">Orengo</subfield><subfield code="b">Nico</subfield><subfield code="f">1944-</subfield></datafield><datafield tag="702" ind1=" " ind2="1"><subfield code="a">Neto</subfield><subfield code="b">Simonetta</subfield><subfield code="4">730</subfield></datafield><datafield tag="801" ind1=" " ind2="0"><subfield code="a">PT</subfield><subfield code="b">Biblioteca Municipal de Montalegre</subfield><subfield code="g">RPC</subfield></datafield><datafield tag="856" ind1=" " ind2=" "><subfield code="u">locateMedia.asp?cod=20060705165126&amp;ext=jpg</subfield><subfield code="z">CAPA</subfield></datafield><datafield tag="909" ind1="&#9;" ind2=" "><subfield code="a">1</subfield></datafield><datafield tag="966" ind1=" " ind2=" "><subfield code="a">0009298</subfield><subfield code="l">BMM</subfield><subfield code="s">SCG 821 ORE fig</subfield></datafield></record></collection>